@misc{unity:opis,
	title = "{Jaki język programowania - Unity}",
	howpublished = "\url{https://jaki-jezyk-programowania.pl/technologie/unity}",
	author = "Marcin Lasota",
	year = "2022",
	note = "Data dostępu: maj 2022"
}

@misc{unity:buildTargets,
	title = "{Unity Documentation Scripting API - BuildTarget}",
	howpublished = "\url{https://docs.unity3d.com/2020.3/Documentation/ScriptReference/BuildTarget.html}",
	author = "Unity Technologies",
	year = "2021",
	note = "Data dostępu: maj 2022"
}

@misc{dellInspiron:specs,
	title = "{Dell Inspiron 15 7000 series}",
	howpublished = "\url{https://dl.dell.com/manuals/all-products/esuprt_laptop/esuprt_inspiron_laptop/inspiron-15-7559-laptop_reference%20guide_en-us.pdf}",
	author = "Dell Inc.",
	year = "2015",
	note = "Data dostępu: maj 2022"
}

@misc{intelCpu:specs,
	title = "{Specifications for Intel® Core™ i7-6700HQ Processor}",
	howpublished = "\url{https://ark.intel.com/content/www/us/en/ark/products/88967/intel-core-i76700hq-processor-6m-cache-up-to-3-50-ghz.html}",
	author = "Intel Corporation",
	year = "2015",
	note = "Data dostępu: maj 2022"
}

@misc{nvidiaGPU:specs,
	title = "{GeForce GTX 960M - Specifications}",
	howpublished = "\url{https://www.nvidia.com/en-gb/geforce/gaming-laptops/geforce-gtx-960m/specifications/}",
	author = "NVIDIA Corporation",
	year = "2015",
	note = "Data dostępu: maj 2022"
}

@misc{netron:github,
	title = "{Netron, Visualizer for neural network, deep learning, and machine learning models.}",
	howpublished = "\url{https://github.com/lutzroeder/netron}",
	author = "Roeder, Lutz",
	year = "2017",
	note = "Data dostępu: maj 2022"
}

@misc{conda:overview,
	title = "{Dokumentacja systemu Conda}",
	howpublished = "\url{https://docs.conda.io/en/latest}",
	year = "2017",
	note = "Data dostępu: maj 2022"
}

@misc{csharp:opis,
	title = "{Jaki język programowania - C\#}",
	howpublished = "\url{https://jaki-jezyk-programowania.pl/technologie/csharp/}",
	author = "Lasota, Marcin",	
	year = "2022",
	note = "Data dostępu: maj 2022"
}

@misc{vpp:features,
	title = "{Vehicle Physics Pro - Features}",
	howpublished = "\url{https://vehiclephysics.com/about/features/}",
	author = "Angel ,,Edy'' García",
	note = "Data dostępu: maj 2022"
}

@misc{unitymla:overview,
	title = "{ML-Agents Toolkit Overview}",
	howpublished = "\url{https://github.com/Unity-Technologies/ml-agents/blob/release_19_docs/docs/ML-Agents-Overview.md}",
	author = "Unity Technologies",
	year = "2021",
	note = "Data dostępu: maj 2022"
}

@misc{unitymla:pythonapi,
	title = "{Unity ML-Agents Python Low Level API}",
	howpublished = "\url{https://github.com/Unity-Technologies/ml-agents/blob/release_19_docs/docs/Python-API.md}",
	author = "Unity Technologies",
	year = "2021",
	note = "Data dostępu: maj 2022"
}

@misc{unitymla:gymWrapper,
	title = "{Unity ML-Agents Gym Wrapper}",
	howpublished = "\url{https://github.com/Unity-Technologies/ml-agents/blob/release_19_docs/gym-unity/README.md}",
	author = "Unity Technologies",
	year = "2021",
	note = "Data dostępu: maj 2022"
}

@misc{deepRL:guide,
	title = "{A Beginner's Guide to Deep Reinforcement Learning}",
	howpublished = "\url{https://wiki.pathmind.com/deep-reinforcement-learning}",
	author = "Chris Nicholson",
	year = "2021",
	note = "Data dostępu: maj 2022"
}

@misc{ppo:opis,
	title = "{Proximal Policy Optimization}",
	howpublished = "\url{https://openai.com/blog/openai-baselines-ppo/}",
	author = "John Shulman and Oleg Klimov and Filip Wolski and Prafulla Dhariwal and Alec Radford",
	year = "2017",
	note = "Data dostępu: maj 2022"
}

@misc{sac:opis,
	title = "{Soft Actor Critic—Deep Reinforcement Learning with Real-World Robots}",
	howpublished = "\url{https://bair.berkeley.edu/blog/2018/12/14/sac/}",
	author = "Tuomas Haarnoja and Vitchyr Pong and Kristian Hartikainen and Aurick Zhou and Murtaza Dalal and Sergey Levine",
	year = "2018",
	note = "Data dostępu: maj 2022"
}

@article{imitationLearning:article,
	author = {Hussein, Ahmed and Gaber, Mohamed Medhat and Elyan, Eyad and Jayne, Chrisina},
	title = {Imitation Learning: A Survey of Learning Methods},
	year = {2017},
	issue_date = {March 2018},
	publisher = {Association for Computing Machinery},
	address = {New York, NY, USA},
	volume = {50},
	number = {2},
	issn = {0360-0300},
	url = {https://doi.org/10.1145/3054912},
	doi = {10.1145/3054912},
	journal = {ACM Comput. Surv.},
	note = "Data dostępu: maj 2022"
}

@misc{neuroevolution:primer,
	title = "{A Primer on the Fundamental Concepts of Neuroevolution}",
	howpublished = "\url{https://towardsdatascience.com/a-primer-on-the-fundamental-concepts-of-neuroevolution-9068f532f7f7}",
	author = "Paul Pauls",
	year = "2020",
	note = "Data dostępu: maj 2022"
}

@misc{unity:renderTexture,
	title = "{Unity Documentation - RenderTexture}",
	howpublished = "\url{https://docs.unity3d.com/2020.3/Documentation/ScriptReference/RenderTexture.html}",
	author = "Unity Technologies",
	year = "2021",
	note = "Data dostępu: maj 2022"
}